@book{stewart21,
Author = {Stewart, James and Clegg, Daniel and Watson, Saleem},
ISBN = {9780357113462},
Publisher = {Cengage Learning},
Title = {Calculus: International metric version},
Edition = {9},
Year = {2021},
}

@online{refractionnd,
Author = {},
Title = {Refraction of light},
Month = {},
Year = {},
URL = {http://hyperphysics.phy-astr.gsu.edu/hbase/geoopt/refr.html},
}

@online{flens20,
Author = {Flens, Hannah},
Title = {Snell’s law},
Month = {October},
Year = {2020},
URL = {https://eng.libretexts.org/Bookshelves/Materials_Science/Supplemental_Modules_(Materials_Science)/Optical_Properties/Snell%27s_Law},
}

@online{hilburnnd,
Author = {Hilburn, William},
Title = {A derivation of Snell’s law},
Month = {},
Year = {},
URL = {http://dev.physicslab.org/Document.aspx?doctype=3&filename=GeometricOptics_LeastTime.xml},
}

@article{corradi16,
Author = {Corradi, Massimo},
Title = {A short history of the rainbow},
Month = {May},
Year = {2016},
Journal = {Lettera Matematica},
Volume = {4},
DOI = {10.1007/s40329-016-0127-3},
}

@online{lavennd,
Author = {Laven, Philip},
Title = {Refractive index of water},
URL = {http://www.philiplaven.com/p20.html},
}

@online{casselman09,
Author = {Casselman, Bill},
Title = {The mathematics of rainbows},
URL = {http://www.ams.org/publicoutreach/feature-column/fcarc-rainbows},
}